
                <marcx:record format="danMARC2" type="BibliographicMain">
                  <marcx:leader>000000000000000000000000</marcx:leader>
                  <marcx:datafield ind1="0" ind2="0" tag="001">
                    <marcx:subfield code="a">008182582</marcx:subfield>
                    <marcx:subfield code="b">810015</marcx:subfield>
                    <marcx:subfield code="f">a</marcx:subfield>
                  </marcx:datafield>
                  <marcx:datafield ind1="0" ind2="0" tag="002">
                    <marcx:subfield code="d">2 832 949 0</marcx:subfield>
                  </marcx:datafield>
                  <marcx:datafield ind1="0" ind2="0" tag="002">
                    <marcx:subfield code="d">x928329490</marcx:subfield>
                  </marcx:datafield>
                  <marcx:datafield ind1="0" ind2="0" tag="004">
                    <marcx:subfield code="r">n</marcx:subfield>
                    <marcx:subfield code="a">e</marcx:subfield>
                  </marcx:datafield>
                  <marcx:datafield ind1="0" ind2="0" tag="008">
                    <marcx:subfield code="t">m</marcx:subfield>
                    <marcx:subfield code="u">r</marcx:subfield>
                    <marcx:subfield code="a">2010</marcx:subfield>
                    <marcx:subfield code="z">2010</marcx:subfield>
                    <marcx:subfield code="b">dk</marcx:subfield>
                    <marcx:subfield code="d">x</marcx:subfield>
                    <marcx:subfield code="j">f</marcx:subfield>
                    <marcx:subfield code="l">dan</marcx:subfield>
                    <marcx:subfield code="v">0</marcx:subfield>
                  </marcx:datafield>
                  <marcx:datafield ind1="0" ind2="0" tag="009">
                    <marcx:subfield code="a">a</marcx:subfield>
                    <marcx:subfield code="g">xx</marcx:subfield>
                  </marcx:datafield>
                  <marcx:datafield ind1="0" ind2="0" tag="021">
                    <marcx:subfield code="e">9788711427286</marcx:subfield>
                    <marcx:subfield code="c">ib.</marcx:subfield>
                  </marcx:datafield>
                  <marcx:datafield ind1="0" ind2="0" tag="041">
                    <marcx:subfield code="a">dan</marcx:subfield>
                    <marcx:subfield code="c">nor</marcx:subfield>
                  </marcx:datafield>
                  <marcx:datafield ind1="0" ind2="0" tag="080">
                    <marcx:subfield code="a">8</marcx:subfield>
                  </marcx:datafield>
                  <marcx:datafield ind1="0" ind2="0" tag="100">
                    <marcx:subfield code="a">Knausgård</marcx:subfield>
                    <marcx:subfield code="h">Karl Ove</marcx:subfield>
                    <marcx:subfield code="4">aut</marcx:subfield>
                  </marcx:datafield>
                  <marcx:datafield ind1="0" ind2="0" tag="241">
                    <marcx:subfield code="a">Min kamp</marcx:subfield>
                    <marcx:subfield code="r">norsk</marcx:subfield>
                  </marcx:datafield>
                  <marcx:datafield ind1="0" ind2="0" tag="245">
                    <marcx:subfield code="a">Min kamp</marcx:subfield>
                    <marcx:subfield code="c">roman</marcx:subfield>
                  </marcx:datafield>
                  <marcx:datafield ind1="0" ind2="0" tag="248">
                    <marcx:subfield code="g">1. [bog]</marcx:subfield>
                  </marcx:datafield>
                  <marcx:datafield ind1="0" ind2="0" tag="250">
                    <marcx:subfield code="x">3. oplag</marcx:subfield>
                  </marcx:datafield>
                  <marcx:datafield ind1="0" ind2="0" tag="260">
                    <marcx:subfield code="a">Kbh.</marcx:subfield>
                    <marcx:subfield code="b">Lindhardt og Ringhof</marcx:subfield>
                    <marcx:subfield code="c">2010</marcx:subfield>
                  </marcx:datafield>
                  <marcx:datafield ind1="0" ind2="0" tag="300">
                    <marcx:subfield code="a">487 sider</marcx:subfield>
                  </marcx:datafield>
                  <marcx:datafield ind1="0" ind2="0" tag="652">
                    <marcx:subfield code="n">85</marcx:subfield>
                    <marcx:subfield code="z">26</marcx:subfield>
                  </marcx:datafield>
                  <marcx:datafield ind1="0" ind2="0" tag="652">
                    <marcx:subfield code="o">sk</marcx:subfield>
                  </marcx:datafield>
                  <marcx:datafield ind1="0" ind2="0" tag="720">
                    <marcx:subfield code="o">Sara Koch</marcx:subfield>
                    <marcx:subfield code="4">trl</marcx:subfield>
                  </marcx:datafield>
                </marcx:record>